%YAML 1.1
%TAG !u! tag:unity3d.com,2011:
--- !u!1001 &100100000
Prefab:
  m_ObjectHideFlags: 1
  serializedVersion: 2
  m_Modification:
    m_TransformParent: {fileID: 0}
    m_Modifications: []
    m_RemovedComponents: []
  m_ParentPrefab: {fileID: 0}
  m_RootGameObject: {fileID: 1191889851319308}
  m_IsPrefabParent: 1
--- !u!1 &1191889851319308
GameObject:
  m_ObjectHideFlags: 0
  m_PrefabParentObject: {fileID: 0}
  m_PrefabInternal: {fileID: 100100000}
  serializedVersion: 5
  m_Component:
  - component: {fileID: 4446530576259398}
  - component: {fileID: 114829558063417176}
  - component: {fileID: 114338922404928798}
  m_Layer: 0
  m_Name: Generate
  m_TagString: Untagged
  m_Icon: {fileID: 0}
  m_NavMeshLayer: 0
  m_StaticEditorFlags: 0
  m_IsActive: 1
--- !u!4 &4446530576259398
Transform:
  m_ObjectHideFlags: 1
  m_PrefabParentObject: {fileID: 0}
  m_PrefabInternal: {fileID: 100100000}
  m_GameObject: {fileID: 1191889851319308}
  m_LocalRotation: {x: 0, y: 0, z: 0, w: 1}
  m_LocalPosition: {x: 0.85916233, y: 0.35297123, z: -0.07362619}
  m_LocalScale: {x: 1, y: 1, z: 1}
  m_Children: []
  m_Father: {fileID: 0}
  m_RootOrder: 0
  m_LocalEulerAnglesHint: {x: 0, y: 0, z: 0}
--- !u!114 &114338922404928798
MonoBehaviour:
  m_ObjectHideFlags: 1
  m_PrefabParentObject: {fileID: 0}
  m_PrefabInternal: {fileID: 100100000}
  m_GameObject: {fileID: 1191889851319308}
  m_Enabled: 1
  m_EditorHideFlags: 0
  m_Script: {fileID: 11500000, guid: e9049da619362a24db9573f4055e2f7a, type: 3}
  m_Name: 
  m_EditorClassIdentifier: 
--- !u!114 &114829558063417176
MonoBehaviour:
  m_ObjectHideFlags: 1
  m_PrefabParentObject: {fileID: 0}
  m_PrefabInternal: {fileID: 100100000}
  m_GameObject: {fileID: 1191889851319308}
  m_Enabled: 1
  m_EditorHideFlags: 0
  m_Script: {fileID: 11500000, guid: fa9bb3d58757c2640974e4389d80e2cd, type: 3}
  m_Name: 
  m_EditorClassIdentifier: 
  tiles:
  - {fileID: 1441726044294164, guid: 68a127b6a698bf94d8105f34e838791f, type: 2}
  - {fileID: 1097810112024740, guid: 51c9b513a48b2ca46afd3a13d5ee98ab, type: 2}
  - {fileID: 1363121824132618, guid: 29ec108135e629d46bd0d586cc87d640, type: 2}
  - {fileID: 1403813796994770, guid: d451599b4c068cf478ab9e43a28aa5c7, type: 2}
  - {fileID: 1869869466463708, guid: 20c0c6e3c4ab60245930bc76e39a6cdb, type: 2}
  - {fileID: 1308809887707038, guid: e4b042a99f62fb14c815f8a28e2402e3, type: 2}
  - {fileID: 1464676854497560, guid: 0f66661ccb0847a49b51a0bf76d21bb0, type: 2}
  - {fileID: 1464676854497560, guid: b55fbf4851175f540a1af7f94cf628c7, type: 2}
  - {fileID: 1464676854497560, guid: 032633b31c027a04a8e9ba8b639378bd, type: 2}
  - {fileID: 1464676854497560, guid: d51ed521f4b357741a6de982e3081d12, type: 2}
  - {fileID: 1464676854497560, guid: cb6459802954118458db114393473494, type: 2}
  - {fileID: 1464676854497560, guid: 6226a83edbef4ec4da8244b1bcf4c42d, type: 2}
  objects:
  - {fileID: 1938104504832688, guid: 503ff2f7bef1c3c4a80b7761ca57bf72, type: 2}
  - {fileID: 1159386985395410, guid: a56deb2897b4a8c4289b5588100b4b70, type: 2}
  - {fileID: 1858520315797266, guid: a489b68707293cc4cae0c724c13df498, type: 2}
  - {fileID: 1773242831202016, guid: 49bc062928a972a499f6d1e4542a87ae, type: 2}
  - {fileID: 1818676732702366, guid: 90680e07c49c5d94894ddc87b5652eb1, type: 2}
  - {fileID: 1846883987438362, guid: 12b62660320c3cb4c9d0a0c769c8fee6, type: 2}
  - {fileID: 1085374995837704, guid: f245622119ec32e4cabb9a8d192da523, type: 2}
  - {fileID: 1395693264056106, guid: 99474e8c76d243c4cab096c6099b3a8a, type: 2}
  - {fileID: 1061579623940462, guid: ae00d2ec3da9ec348bb25893945fea2b, type: 2}
  - {fileID: 1148063849575644, guid: 9808b4dff42be72429a96bc3796b068b, type: 2}
  - {fileID: 1108393155020200, guid: ed269e29bb78d604bb8e026d7719c7be, type: 2}
  - {fileID: 1684626224227568, guid: 04098bfb53d02c04988171c82afef8bd, type: 2}
  - {fileID: 1594060632852798, guid: e3ca361cb8ffb1a4694ff411d228b6cf, type: 2}
  - {fileID: 1862959423200398, guid: 621db1b4562deaa44a72df65ad427f1f, type: 2}
  - {fileID: 1785679593468500, guid: f120b9e512b8e8944ad079b0586d425c, type: 2}
  - {fileID: 1794894003400724, guid: 13e0d2eeda474d24fb604f2a1402ec8a, type: 2}
  - {fileID: 1535711952861968, guid: 4710211381333cf418fb2dce98227438, type: 2}
  - {fileID: 1113678846850552, guid: 130b88edbf1a0d747ad6d03dfd1d49ce, type: 2}
  - {fileID: 1145294463745956, guid: 704accfd38f2ab4408f8feff5c45d59f, type: 2}
  - {fileID: 1816223996157076, guid: 4c895c2e3ef84ff45b2a243358f3c7f7, type: 2}
  - {fileID: 1314316695096802, guid: 986679d0bcfbf50469ab8257c630ec9c, type: 2}
  buildings:
  - {fileID: 1353961695954794, guid: 0b8add7bd92aa0d41bdb95a5a428d8a0, type: 2}
  - {fileID: 1045514584596184, guid: fe0982511a6bc6646af6a1a0dcdb40ec, type: 2}
  - {fileID: 1105697845460944, guid: 0374383b1e8dcd347a0148045105ae03, type: 2}
  - {fileID: 1567176376275990, guid: 5cb8a2d47245c784399a614157bacde9, type: 2}
  - {fileID: 1614710260955852, guid: f90c10bdf5c4af94abce278aeb3353ac, type: 2}
  - {fileID: 1327469087807536, guid: 308c4b8afd52e3b429ac8924fc55f3f4, type: 2}
  - {fileID: 1024899711803630, guid: 44d9e523c79f1694097146d0dd7d8b32, type: 2}
  - {fileID: 1193320461784046, guid: 268836b11eba4ee4291699c58ae5dec8, type: 2}
  - {fileID: 1813749011037896, guid: f28d42edf8385a34a898612ccc0ce28e, type: 2}
  - {fileID: 1198531264607790, guid: ae4323f2483cfa243982a037c7ab9138, type: 2}
  - {fileID: 1450394270544386, guid: 4ad15f8dfe61fd4448de942776193bfa, type: 2}
  - {fileID: 1377474619979134, guid: 049b890ed20d3c740940e4f9da018ee9, type: 2}
  - {fileID: 1138008485058944, guid: e803c901d06983c4d8f168209cb22405, type: 2}
  - {fileID: 1298549687091110, guid: 1f87ccf7c8ca8d241b28603bd0bfd8ec, type: 2}
  roads:
  - {fileID: 1839106731324350, guid: a70b90640ced52240b6cfa1e4ace6349, type: 2}
  - {fileID: 1898405635136784, guid: e8859e827e550bf4d93d255587a60b41, type: 2}
  - {fileID: 1830204931744376, guid: 9a3abbafa907f6246bc636c0911a95e8, type: 2}
  - {fileID: 1227087731826458, guid: 454964f58f9368b4ebc357c95696a2ed, type: 2}
  - {fileID: 1664734443359168, guid: 4442fad3ea50b6c4a861312bcddb9744, type: 2}
  trees:
  - {fileID: 1535711952861968, guid: 4710211381333cf418fb2dce98227438, type: 2}
  - {fileID: 1113678846850552, guid: 130b88edbf1a0d747ad6d03dfd1d49ce, type: 2}
  - {fileID: 1145294463745956, guid: 704accfd38f2ab4408f8feff5c45d59f, type: 2}
  - {fileID: 1816223996157076, guid: 4c895c2e3ef84ff45b2a243358f3c7f7, type: 2}
  - {fileID: 1314316695096802, guid: 986679d0bcfbf50469ab8257c630ec9c, type: 2}
  lakes:
  - {fileID: 1956168335901322, guid: 22e913b4689a78b479a60fc7972d0096, type: 2}
  - {fileID: 1626737964893248, guid: f31808f18d513fa41bd30b94ecac2552, type: 2}
  - {fileID: 1964074573492806, guid: 955109653b74ff34ba6c78b05ef95168, type: 2}
  bound: {fileID: 1615929644362948, guid: 8ab761d89bd85864591fcfa25b93b72c, type: 2}
  width: 100
  height: 100
  chanceOfCleanTile: 0.5
  citySize: 20
  roadLength: 10000
  parent: {fileID: 0}
